

@article{pereira_global_2012,
	title = {Global Biodiversity Change: The Bad, the Good, and the Unknown},
	volume = {37},
	issn = {1543-5938, 1545-2050},
	url = {http://www.annualreviews.org/doi/10.1146/annurev-environ-042911-093511},
	doi = {10.1146/annurev-environ-042911-093511},
	shorttitle = {Global Biodiversity Change},
	pages = {25--50},
	number = {1},
	journaltitle = {Annual Review of Environment and Resources},
	shortjournal = {Annu. Rev. Environ. Resour.},
	author = {Pereira, Henrique Miguel and Navarro, Laetitia Marie and Martins, InÃªs Santos},
	urldate = {2020-07-08},
	date = {2012-11-21},
	langid = {english},
	file = {Pereira et al. - 2012 - Global Biodiversity Change The Bad, the Good, and.pdf:C\:\\Users\\leroy\\Zotero\\storage\\K3979K93\\Pereira et al. - 2012 - Global Biodiversity Change The Bad, the Good, and.pdf:application/pdf}
}
